@inproceedings{DBLP:conf/cav/GuhaNA12,
  author    = {Shibashis Guha and
               Chinmay Narayan and
               S. Arun-Kumar},
  title     = {On Decidability of Prebisimulation for Timed Automata},
  booktitle = {CAV},
  year      = {2012},
  pages     = {444-461},
  ee        = {http://dx.doi.org/10.1007/978-3-642-31424-7_33},
  crossref  = {DBLP:conf/cav/2012},
  bibsource = {DBLP, http://dblp.uni-trier.de}
}

@proceedings{DBLP:conf/cav/2012,
  editor    = {P. Madhusudan and
               Sanjit A. Seshia},
  title     = {Computer Aided Verification - 24th International Conference,
               CAV 2012, Berkeley, CA, USA, July 7-13, 2012 Proceedings},
  booktitle = {CAV},
  publisher = {Springer},
  series    = {Lecture Notes in Computer Science},
  volume    = {7358},
  year      = {2012},
  isbn      = {978-3-642-31423-0},
  ee        = {http://dx.doi.org/10.1007/978-3-642-31424-7},
  bibsource = {DBLP, http://dblp.uni-trier.de}
}

@article{tripakis2001analysis,
  title={Analysis of timed systems using time-abstracting bisimulations},
  author={Tripakis, Stavros and Yovine, Sergio},
  journal={Formal Methods in System Design},
  volume={18},
  number={1},
  pages={25--68},
  year={2001},
  publisher={Springer}
}

@book{aceto2007reactive,
  title={Reactive systems: modelling, specification and verification},
  author={Aceto, Luca and Ing{\'o}lfsd{\'o}ttir, Anna and Larsen, Kim Guldstrand and Srba, Jiri},
  year={2007},
  publisher={Cambridge University Press}
}

@unpublished{guha2013notes,
author={Shibashis Guha},
title={An algorithm to generate zone valuation graph},
note={unpublished}
}

@INPROCEEDINGS{Behrmann03staticguard,
    author = {Gerd Behrmann and Patricia Bouyer and Emmanuel Fleury and Kim G. Larsen},
    title = {Static guard analysis in timed automata verification},
    booktitle = {In TACAS},
    year = {2003},
    pages = {254--277},
    publisher = {Springer}
}

@article{Keller:1976:FVP:360248.360251,
 author = {Keller, Robert M.},
 title = {Formal verification of parallel programs},
 journal = {Commun. ACM},
 issue_date = {July 1976},
 volume = {19},
 number = {7},
 month = jul,
 year = {1976},
 issn = {0001-0782},
 pages = {371--384},
 numpages = {14},
 url = {http://doi.acm.org/10.1145/360248.360251},
 doi = {10.1145/360248.360251},
 acmid = {360251},
 publisher = {ACM},
 address = {New York, NY, USA},
 keywords = {Petri nets, assertions, correctness, deadlock, mutual exclusion, parallel program, verification},
} 

@ARTICLE{Alur94atheory,
    author = {Rajeev Alur and David L. Dill},
    title = {A Theory of Timed Automata},
    journal = {Theoretical Computer Science},
    year = {1994},
    volume = {126},
    pages = {183--235}
}